<?xml version="1.0" encoding="UTF-8"?><record xmlns="http://www.loc.gov/MARC21/slim" xmlns:cinclude="http://apache.org/cocoon/include/1.0" xmlns:zs="http://www.loc.gov/zing/srw/">
  <leader>01113cz  a2200253n  4500</leader>
  <controlfield tag="001">no2005003806</controlfield>
  <controlfield tag="003">DLC</controlfield>
  <controlfield tag="005">20121027075211.0</controlfield>
  <controlfield tag="008">050114n| azannaabn          |b aaa     c</controlfield>
  <datafield tag="010" ind1=" " ind2=" ">
    <subfield code="a">no2005003806</subfield>
  </datafield>
  <datafield tag="035" ind1=" " ind2=" ">
    <subfield code="a">(OCoLC)oca06535259</subfield>
  </datafield>
  <datafield tag="040" ind1=" " ind2=" ">
    <subfield code="a">NNC</subfield>
    <subfield code="b">eng</subfield>
    <subfield code="e">rda</subfield>
    <subfield code="c">NNC</subfield>
    <subfield code="d">DLC</subfield>
    <subfield code="d">OCoLC</subfield>
    <subfield code="d">DLC</subfield>
  </datafield>
  <datafield tag="100" ind1="1" ind2=" ">
    <subfield code="a">Momina, M. A.</subfield>
    <subfield code="q">(Maĭi︠a︡ Andreevna)</subfield>
  </datafield>
  <datafield tag="370" ind1=" " ind2=" ">
    <subfield code="c">Russia</subfield>
  </datafield>
  <datafield tag="373" ind1=" " ind2=" ">
    <subfield code="a">Vysshai︠a︡ religiozno-filosofskai︠a︡ shkola (Saint Petersburg, Russia)</subfield>
  </datafield>
  <datafield tag="375" ind1=" " ind2=" ">
    <subfield code="a">female</subfield>
  </datafield>
  <datafield tag="377" ind1=" " ind2=" ">
    <subfield code="a">rus</subfield>
  </datafield>
  <datafield tag="400" ind1="1" ind2=" ">
    <subfield code="a">Момина, М. А.</subfield>
    <subfield code="q">(Майя Андреевна)</subfield>
  </datafield>
  <datafield tag="400" ind1="1" ind2=" ">
    <subfield code="a">Momina, Maĭi︠a︡ Andreevna</subfield>
  </datafield>
  <datafield tag="400" ind1="1" ind2=" ">
    <subfield code="a">Момина, Майя Андреевна</subfield>
  </datafield>
  <datafield tag="400" ind1="1" ind2=" ">
    <subfield code="a">Momina, Maja Andrejevna</subfield>
  </datafield>
  <datafield tag="667" ind1=" " ind2=" ">
    <subfield code="a">Non-Latin script references not evaluated.</subfield>
  </datafield>
  <datafield tag="670" ind1=" " ind2=" ">
    <subfield code="a">Triodion und Pentekostarion, c2004- :</subfield>
    <subfield code="b">pt. 1, t.p. (M.A. Momina) p. xiii (Maja Andrejevna Momina)</subfield>
  </datafield>
  <datafield tag="670" ind1=" " ind2=" ">
    <subfield code="a">Vysshai︠a︡ religiozno-filisofskai︠a︡ shkola website, Sept. 5, 2012</subfield>
    <subfield code="b">(Момина Майя Андреевна = Momina Maĭi︠a︡ Andreevna; nauchnyĭ rukovoditelʹ, kandidat filosofskikh nauk, docent, instructor)</subfield>
  </datafield>
</record>